<record><leader>00000cas a22000007a 4500</leader><controlfield tag="001">22633336</controlfield><controlfield tag="008">901105d192u1929nyuwr ne      0    0eng d</controlfield><datafield ind1=" " ind2=" " tag="010"><subfield code="a">sn 90066557 </subfield></datafield><datafield ind1=" " ind2=" " tag="040"><subfield code="a">NYS</subfield><subfield code="b">eng</subfield><subfield code="c">NYS</subfield><subfield code="d">OCLCQ</subfield></datafield><datafield ind1=" " ind2=" " tag="042"><subfield code="a">msc</subfield></datafield><datafield ind1="0" ind2="0" tag="245"><subfield code="a">Avoca advance-press.</subfield></datafield><datafield ind1=" " ind2=" " tag="260"><subfield code="a">Avoca, N.Y. :</subfield><subfield code="b">Avoca Pub. Co.</subfield></datafield><datafield ind1=" " ind2=" " tag="300"><subfield code="a">v. ;</subfield><subfield code="c">57 cm.</subfield></datafield><datafield ind1=" " ind2=" " tag="310"><subfield code="a">Weekly</subfield></datafield><datafield ind1="1" ind2=" " tag="362"><subfield code="a">Ceased in 1929.</subfield></datafield><datafield ind1=" " ind2=" " tag="588"><subfield code="a">Description based on: Vol. 49, no. 12 (Dec. 28, 1928).</subfield></datafield><datafield ind1=" " ind2="4" tag="651"><subfield code="a">Avoca (N.Y.)</subfield><subfield code="v">Newspapers.</subfield></datafield><datafield ind1=" " ind2=" " tag="752"><subfield code="a">United States</subfield><subfield code="b">New York</subfield><subfield code="c">Steuben</subfield><subfield code="d">Avoca.</subfield></datafield><datafield ind1="0" ind2="0" tag="780"><subfield code="t">Avoca advance (Avoca, N.Y. : 1879)</subfield><subfield code="w">(DLC)sn 92061774</subfield><subfield code="w">(OCoLC)25611750</subfield></datafield><datafield ind1="0" ind2="0" tag="785"><subfield code="t">Avoca advance (Avoca, N.Y. : 1929)</subfield><subfield code="w">(DLC)sn 90066558</subfield><subfield code="w">(OCoLC)22646739</subfield></datafield><datafield ind1="1" ind2=" " tag="029"><subfield code="a">AU@</subfield><subfield code="b">000025870377</subfield></datafield></record>